<?xml version="1.0" encoding="UTF-8"?><collection xmlns="http://www.loc.gov/MARC21/slim"><record><leader>00566nam--2200205-u-4500</leader><controlfield tag="001">000050659</controlfield><controlfield tag="002">20161230</controlfield><controlfield tag="005">20161230201048</controlfield><controlfield tag="008">080304s1000------------r-----000-0-eng-d</controlfield><datafield ind1=" " ind2=" " tag="020"><subfield code="a">0521019230</subfield></datafield><datafield ind1=" " ind2=" " tag="040"><subfield code="a">IFIN-HH</subfield></datafield><datafield ind1=" " ind2=" " tag="080"><subfield code="a">538.9:535.3</subfield></datafield><datafield ind1="1" ind2=" " tag="100"><subfield code="a">Gaponenko,S.V</subfield></datafield><datafield ind1="1" ind2="0" tag="245"><subfield code="a">Optical Properties of Semiconductor Nanocrystals</subfield><subfield code="c">S.V. Gaponenko</subfield></datafield><datafield ind1=" " ind2=" " tag="260"><subfield code="a">Cambridge</subfield><subfield code="b">Univ.Press</subfield><subfield code="c">1998</subfield></datafield><datafield ind1=" " ind2=" " tag="300"><subfield code="a">245 p</subfield></datafield><datafield ind1=" " ind2=" " tag="490"><subfield code="a">Cambridge Studies In Modern Optics</subfield></datafield><datafield ind1=" " ind2="4" tag="650"><subfield code="a">Electron States in Crystal</subfield></datafield><datafield ind1=" " ind2=" " tag="852"><subfield code="a">81981</subfield><subfield code="c">538.9</subfield></datafield><datafield ind1=" " ind2=" " tag="CAT"><subfield code="a">Sys</subfield><subfield code="c">20110104</subfield><subfield code="h">141537</subfield></datafield></record></collection>